<?xml version="1.0" encoding="UTF-8"?>
  <record xmlns="http://www.loc.gov/MARC21/slim" type="Authority">
    <leader>00000nz  a2200000nc 4500</leader>
    <controlfield tag="001">118532464</controlfield>
    <controlfield tag="003">DE-101</controlfield>
    <controlfield tag="005">20220310174410.0</controlfield>
    <controlfield tag="008">880701n||azznnaabn           | aaa    |c</controlfield>
    <datafield tag="024" ind1="7" ind2=" ">
      <subfield code="a">118532464</subfield>
      <subfield code="0">http://d-nb.info/gnd/118532464</subfield>
      <subfield code="2">gnd</subfield>
    </datafield>
    <datafield tag="035" ind1=" " ind2=" ">
      <subfield code="a">(DE-101)118532464</subfield>
    </datafield>
    <datafield tag="035" ind1=" " ind2=" ">
      <subfield code="a">(DE-588)118532464</subfield>
    </datafield>
    <datafield tag="035" ind1=" " ind2=" ">
      <subfield code="z">(DE-588)189565454</subfield>
    </datafield>
    <datafield tag="035" ind1=" " ind2=" ">
      <subfield code="z">(DE-588a)189565454</subfield>
      <subfield code="9">v:zg</subfield>
    </datafield>
    <datafield tag="035" ind1=" " ind2=" ">
      <subfield code="z">(DE-588c)7814729-3</subfield>
      <subfield code="9">v:zg</subfield>
    </datafield>
    <datafield tag="035" ind1=" " ind2=" ">
      <subfield code="z">(DE-588)1067802290</subfield>
    </datafield>
    <datafield tag="035" ind1=" " ind2=" ">
      <subfield code="z">(DE-588)174114060</subfield>
    </datafield>
    <datafield tag="035" ind1=" " ind2=" ">
      <subfield code="z">(DE-588a)174114060</subfield>
      <subfield code="9">v:zg</subfield>
    </datafield>
    <datafield tag="035" ind1=" " ind2=" ">
      <subfield code="z">(DE-588a)118532464</subfield>
      <subfield code="9">v:zg</subfield>
    </datafield>
    <datafield tag="035" ind1=" " ind2=" ">
      <subfield code="z">(DE-588a)100281605</subfield>
    </datafield>
    <datafield tag="035" ind1=" " ind2=" ">
      <subfield code="z">(DE-588c)4016736-7</subfield>
      <subfield code="9">v:zg</subfield>
    </datafield>
    <datafield tag="040" ind1=" " ind2=" ">
      <subfield code="a">DE-101</subfield>
      <subfield code="c">DE-101</subfield>
      <subfield code="9">r:DE-101</subfield>
      <subfield code="b">ger</subfield>
      <subfield code="d">9999</subfield>
      <subfield code="e">rda</subfield>
    </datafield>
    <datafield tag="042" ind1=" " ind2=" ">
      <subfield code="a">gnd1</subfield>
    </datafield>
    <datafield tag="043" ind1=" " ind2=" ">
      <subfield code="c">XA-FR</subfield>
    </datafield>
    <datafield tag="065" ind1=" " ind2=" ">
      <subfield code="a">12.2p</subfield>
      <subfield code="2">sswd</subfield>
    </datafield>
    <datafield tag="065" ind1=" " ind2=" ">
      <subfield code="a">3.6p</subfield>
      <subfield code="2">sswd</subfield>
    </datafield>
    <datafield tag="065" ind1=" " ind2=" ">
      <subfield code="a">4.7p</subfield>
      <subfield code="2">sswd</subfield>
    </datafield>
    <datafield tag="075" ind1=" " ind2=" ">
      <subfield code="b">p</subfield>
      <subfield code="2">gndgen</subfield>
    </datafield>
    <datafield tag="075" ind1=" " ind2=" ">
      <subfield code="b">piz</subfield>
      <subfield code="2">gndspec</subfield>
    </datafield>
    <datafield tag="079" ind1=" " ind2=" ">
      <subfield code="a">g</subfield>
      <subfield code="q">a</subfield>
      <subfield code="q">f</subfield>
      <subfield code="q">s</subfield>
      <subfield code="q">z</subfield>
      <subfield code="u">v</subfield>
      <subfield code="u">w</subfield>
      <subfield code="u">k</subfield>
      <subfield code="u">o</subfield>
    </datafield>
    <datafield tag="100" ind1="1" ind2=" ">
      <subfield code="a">Fénelon, François de Salignac de La Mothe</subfield>
      <subfield code="d">1651-1715</subfield>
    </datafield>
    <datafield tag="375" ind1=" " ind2=" ">
      <subfield code="a">1</subfield>
      <subfield code="2">iso5218</subfield>
    </datafield>
    <datafield tag="377" ind1=" " ind2="7">
      <subfield code="a">fre</subfield>
      <subfield code="2">iso639-2b</subfield>
    </datafield>
    <datafield tag="400" ind1="1" ind2=" ">
      <subfield code="a">Salignac de la Mothe Fénelon, François &#152;de&#156;</subfield>
      <subfield code="d">1651-1715</subfield>
    </datafield>
    <datafield tag="400" ind1="1" ind2=" ">
      <subfield code="a">Fénelon, François de S. &#152;de&#156;</subfield>
      <subfield code="d">1651-1715</subfield>
    </datafield>
    <datafield tag="400" ind1="1" ind2=" ">
      <subfield code="a">Fénelon, François de La Mothe</subfield>
      <subfield code="d">1651-1715</subfield>
    </datafield>
    <datafield tag="400" ind1="1" ind2=" ">
      <subfield code="a">Fénelon, François de Salignac</subfield>
      <subfield code="d">1651-1715</subfield>
    </datafield>
    <datafield tag="400" ind1="1" ind2=" ">
      <subfield code="a">Fénelon, François de Salignac de La Motthe</subfield>
      <subfield code="d">1651-1715</subfield>
    </datafield>
    <datafield tag="400" ind1="1" ind2=" ">
      <subfield code="a">Fénelon, François de Pons de Salignac de La Motte</subfield>
      <subfield code="d">1651-1715</subfield>
    </datafield>
    <datafield tag="400" ind1="1" ind2=" ">
      <subfield code="a">Fénelon, Francesco di Salignac de La Motte</subfield>
      <subfield code="d">1651-1715</subfield>
    </datafield>
    <datafield tag="400" ind1="1" ind2=" ">
      <subfield code="a">Fenelon, Francesco di Salignac della Motte</subfield>
      <subfield code="d">1651-1715</subfield>
    </datafield>
    <datafield tag="400" ind1="1" ind2=" ">
      <subfield code="a">Fenelon, Francesco di Salignac della Mote</subfield>
      <subfield code="d">1651-1715</subfield>
    </datafield>
    <datafield tag="400" ind1="1" ind2=" ">
      <subfield code="a">Fénelon, François de Salignac de La Motte</subfield>
      <subfield code="d">1651-1715</subfield>
    </datafield>
    <datafield tag="400" ind1="1" ind2=" ">
      <subfield code="a">Fénelon, François de S.</subfield>
      <subfield code="d">1651-1715</subfield>
    </datafield>
    <datafield tag="400" ind1="1" ind2=" ">
      <subfield code="a">Fénelon, Franz de La Motte</subfield>
      <subfield code="d">1651-1715</subfield>
    </datafield>
    <datafield tag="400" ind1="1" ind2=" ">
      <subfield code="a">Fénelon, Franz de S. &#152;de&#156;</subfield>
      <subfield code="d">1651-1715</subfield>
    </datafield>
    <datafield tag="400" ind1="1" ind2=" ">
      <subfield code="a">Fénelon, François &#152;de&#156;</subfield>
      <subfield code="d">1651-1715</subfield>
    </datafield>
    <datafield tag="400" ind1="1" ind2=" ">
      <subfield code="a">Fenelon, Franz &#152;von&#156;</subfield>
      <subfield code="d">1651-1715</subfield>
    </datafield>
    <datafield tag="400" ind1="1" ind2=" ">
      <subfield code="a">Fénelon, Franz von Salignac de La Motte</subfield>
      <subfield code="d">1651-1715</subfield>
    </datafield>
    <datafield tag="400" ind1="1" ind2=" ">
      <subfield code="a">Fenelon, Franz Salignac de La Motte</subfield>
      <subfield code="d">1651-1715</subfield>
    </datafield>
    <datafield tag="400" ind1="1" ind2=" ">
      <subfield code="a">Fénelon, Franz de Salignac de La Mothe</subfield>
      <subfield code="d">1651-1715</subfield>
    </datafield>
    <datafield tag="400" ind1="1" ind2=" ">
      <subfield code="a">Fenelon, Franz v. Salignac de La Mothe</subfield>
      <subfield code="d">1651-1715</subfield>
      <subfield code="9">v:Vorlage</subfield>
    </datafield>
    <datafield tag="400" ind1="1" ind2=" ">
      <subfield code="a">Fenelon, Franc. de Salignac</subfield>
      <subfield code="d">1651-1715</subfield>
    </datafield>
    <datafield tag="400" ind1="1" ind2=" ">
      <subfield code="a">Fenelon, Franciscus de Salignac</subfield>
      <subfield code="d">1651-1715</subfield>
    </datafield>
    <datafield tag="400" ind1="1" ind2=" ">
      <subfield code="a">Fenelon, Franciskus Salignac de La Motte</subfield>
      <subfield code="d">1651-1715</subfield>
    </datafield>
    <datafield tag="400" ind1="1" ind2=" ">
      <subfield code="a">Fenelon, Fr. de Salignac</subfield>
      <subfield code="d">1651-1715</subfield>
    </datafield>
    <datafield tag="400" ind1="1" ind2=" ">
      <subfield code="a">Fénelon, François</subfield>
      <subfield code="d">1651-1715</subfield>
    </datafield>
    <datafield tag="400" ind1="1" ind2=" ">
      <subfield code="a">Fenelon, Fransua</subfield>
      <subfield code="d">1651-1715</subfield>
    </datafield>
    <datafield tag="400" ind1="1" ind2=" ">
      <subfield code="a">Fénelon, F. &#152;de&#156;</subfield>
      <subfield code="d">1651-1715</subfield>
    </datafield>
    <datafield tag="400" ind1="1" ind2=" ">
      <subfield code="a">Fenelon, Delamot</subfield>
      <subfield code="d">1651-1715</subfield>
    </datafield>
    <datafield tag="400" ind1="1" ind2=" ">
      <subfield code="a">Fenelonius, Franciscus</subfield>
      <subfield code="d">1651-1715</subfield>
    </datafield>
    <datafield tag="400" ind1="1" ind2=" ">
      <subfield code="a">Fenelon, F. D. S. D. L. M.</subfield>
      <subfield code="d">1651-1715</subfield>
    </datafield>
    <datafield tag="400" ind1="0" ind2=" ">
      <subfield code="a">Fénelon</subfield>
      <subfield code="d">1651-1715</subfield>
      <subfield code="9">v:M; B 1996</subfield>
    </datafield>
    <datafield tag="400" ind1="0" ind2=" ">
      <subfield code="a">Fénélon &#152;de&#156;</subfield>
      <subfield code="d">1651-1715</subfield>
    </datafield>
    <datafield tag="400" ind1="0" ind2=" ">
      <subfield code="a">Fénelon &#152;von&#156;</subfield>
      <subfield code="d">1651-1715</subfield>
    </datafield>
    <datafield tag="400" ind1="0" ind2=" ">
      <subfield code="a">Fénélon</subfield>
      <subfield code="c">abbé de</subfield>
      <subfield code="d">1651-1715</subfield>
    </datafield>
    <datafield tag="400" ind1="0" ind2=" ">
      <subfield code="a">Phenelon</subfield>
      <subfield code="d">1651-1715</subfield>
    </datafield>
    <datafield tag="400" ind1="1" ind2=" ">
      <subfield code="a">Salignac, François &#152;de&#156;</subfield>
      <subfield code="d">1651-1715</subfield>
    </datafield>
    <datafield tag="400" ind1="1" ind2=" ">
      <subfield code="a">Salignach, Francesco &#152;di&#156;</subfield>
      <subfield code="d">1651-1715</subfield>
    </datafield>
    <datafield tag="400" ind1="1" ind2=" ">
      <subfield code="a">Salignac de La Mothe Fénelon, François &#152;de&#156;</subfield>
      <subfield code="d">1651-1715</subfield>
    </datafield>
    <datafield tag="400" ind1="1" ind2=" ">
      <subfield code="a">Salignac de La Mothe-Fénelon, François</subfield>
      <subfield code="d">1651-1715</subfield>
    </datafield>
    <datafield tag="400" ind1="1" ind2=" ">
      <subfield code="a">Salignac de La Mothe-Fénelon, François &#152;de&#156;</subfield>
      <subfield code="d">1651-1715</subfield>
    </datafield>
    <datafield tag="400" ind1="1" ind2=" ">
      <subfield code="a">Salignac de La Mothe-Fenelon, Franciscus</subfield>
      <subfield code="d">1651-1715</subfield>
    </datafield>
    <datafield tag="400" ind1="1" ind2=" ">
      <subfield code="a">Salignac de La Motte Fénelon, François &#152;de&#156;</subfield>
      <subfield code="d">1651-1715</subfield>
    </datafield>
    <datafield tag="400" ind1="1" ind2=" ">
      <subfield code="a">Salignac de La Motte Fénelon, Francesco &#152;di&#156;</subfield>
      <subfield code="d">1651-1715</subfield>
    </datafield>
    <datafield tag="400" ind1="1" ind2=" ">
      <subfield code="a">Salignac della Motte Fenelon, Francesco &#152;di&#156;</subfield>
      <subfield code="d">1651-1715</subfield>
    </datafield>
    <datafield tag="400" ind1="1" ind2=" ">
      <subfield code="a">Salignac de La Motte Fénelon, Franz &#152;von&#156;</subfield>
      <subfield code="d">1651-1715</subfield>
    </datafield>
    <datafield tag="400" ind1="1" ind2=" ">
      <subfield code="a">Salignac Fénelon, François</subfield>
      <subfield code="c">vte de</subfield>
      <subfield code="d">1651-1715</subfield>
    </datafield>
    <datafield tag="400" ind1="1" ind2=" ">
      <subfield code="a">Salignac Fénelon, François &#152;de&#156;</subfield>
      <subfield code="d">1651-1715</subfield>
    </datafield>
    <datafield tag="400" ind1="1" ind2=" ">
      <subfield code="a">Salignac-Fénelon, François &#152;de&#156;</subfield>
      <subfield code="d">1651-1715</subfield>
    </datafield>
    <datafield tag="400" ind1="1" ind2=" ">
      <subfield code="a">Salignac Fenelon, Fr.</subfield>
      <subfield code="d">1651-1715</subfield>
    </datafield>
    <datafield tag="400" ind1="1" ind2=" ">
      <subfield code="a">Salignac de La Motte, François Fénelon &#152;de&#156;</subfield>
      <subfield code="d">1651-1715</subfield>
    </datafield>
    <datafield tag="400" ind1="1" ind2=" ">
      <subfield code="a">Salignac de La Mothe, François de Fénelon</subfield>
      <subfield code="d">1651-1715</subfield>
    </datafield>
    <datafield tag="400" ind1="1" ind2=" ">
      <subfield code="a">Salignac de La Mothe, François &#152;de&#156;</subfield>
      <subfield code="d">1651-1715</subfield>
    </datafield>
    <datafield tag="400" ind1="0" ind2=" ">
      <subfield code="a">Salignac de La Mothe</subfield>
      <subfield code="d">1651-1715</subfield>
    </datafield>
    <datafield tag="400" ind1="1" ind2=" ">
      <subfield code="a">Salinniak de-la-Mot Fenelon, Frantsisk &#152;de&#156;</subfield>
      <subfield code="d">1651-1715</subfield>
    </datafield>
    <datafield tag="400" ind1="1" ind2=" ">
      <subfield code="a">La Mothe Fénelon, François de Salignac &#152;de&#156;</subfield>
      <subfield code="d">1651-1715</subfield>
    </datafield>
    <datafield tag="400" ind1="1" ind2=" ">
      <subfield code="a">La Mothe-Fénelon, François de Salignac &#152;de&#156;</subfield>
      <subfield code="d">1651-1715</subfield>
    </datafield>
    <datafield tag="400" ind1="1" ind2=" ">
      <subfield code="a">La Motte-Fénelon, François de Salignac &#152;de&#156;</subfield>
      <subfield code="d">1651-1715</subfield>
    </datafield>
    <datafield tag="400" ind1="1" ind2=" ">
      <subfield code="a">La Motte Fénelon, François de Salignac &#152;de&#156;</subfield>
      <subfield code="d">1651-1715</subfield>
    </datafield>
    <datafield tag="400" ind1="1" ind2=" ">
      <subfield code="a">La Motte Fénelon, François de Pons de Salignac &#152;de&#156;</subfield>
      <subfield code="d">1651-1715</subfield>
    </datafield>
    <datafield tag="400" ind1="1" ind2=" ">
      <subfield code="a">Mothe Fénelon, François de Salignac &#152;de la&#156;</subfield>
      <subfield code="d">1651-1715</subfield>
    </datafield>
    <datafield tag="400" ind1="1" ind2=" ">
      <subfield code="a">Mothe-Fénelon, François Salignac &#152;de la&#156;</subfield>
      <subfield code="d">1651-1715</subfield>
    </datafield>
    <datafield tag="400" ind1="1" ind2=" ">
      <subfield code="a">Mothe-Fénelon, François de S. &#152;de la&#156;</subfield>
      <subfield code="d">1651-1715</subfield>
    </datafield>
    <datafield tag="400" ind1="1" ind2=" ">
      <subfield code="a">Motte Fénelon, François de Pons de Salignac &#152;de la&#156;</subfield>
      <subfield code="d">1651-1715</subfield>
    </datafield>
    <datafield tag="400" ind1="1" ind2=" ">
      <subfield code="a">Motte Fénelon, François de Salignac &#152;de la&#156;</subfield>
      <subfield code="d">1651-1715</subfield>
    </datafield>
    <datafield tag="400" ind1="1" ind2=" ">
      <subfield code="a">Motte Fénelon, François de P.</subfield>
      <subfield code="d">1651-1715</subfield>
    </datafield>
    <datafield tag="400" ind1="1" ind2=" ">
      <subfield code="a">Motte Fénelon, Franz &#152;de la&#156;</subfield>
      <subfield code="d">1651-1715</subfield>
    </datafield>
    <datafield tag="400" ind1="1" ind2=" ">
      <subfield code="a">Mothe-Fénelon, François de Salignac &#152;de la&#156;</subfield>
      <subfield code="d">1651-1715</subfield>
    </datafield>
    <datafield tag="400" ind1="1" ind2=" ">
      <subfield code="a">Mothe, Fénelon François de Salignac &#152;de la&#156;</subfield>
      <subfield code="d">1651-1715</subfield>
    </datafield>
    <datafield tag="400" ind1="1" ind2=" ">
      <subfield code="a">Motte-Fénelon, François de Salignac &#152;de la&#156;</subfield>
      <subfield code="d">1651-1715</subfield>
    </datafield>
    <datafield tag="400" ind1="1" ind2=" ">
      <subfield code="a">Pons de Salignac de La Motte Fénelon, François &#152;de&#156;</subfield>
      <subfield code="d">1651-1715</subfield>
    </datafield>
    <datafield tag="400" ind1="0" ind2=" ">
      <subfield code="a">M. D. F.</subfield>
      <subfield code="d">1651-1715</subfield>
    </datafield>
    <datafield tag="400" ind1="1" ind2=" ">
      <subfield code="a">F., M. D.</subfield>
      <subfield code="d">1651-1715</subfield>
    </datafield>
    <datafield tag="400" ind1="0" ind2=" ">
      <subfield code="a">M. D. L. F.</subfield>
      <subfield code="d">1651-1715</subfield>
    </datafield>
    <datafield tag="400" ind1="1" ind2=" ">
      <subfield code="a">Pothetos, A.</subfield>
      <subfield code="d">1651-1715</subfield>
      <subfield code="4">pseu</subfield>
      <subfield code="4">https://d-nb.info/standards/elementset/gnd#pseudonym</subfield>
      <subfield code="w">r</subfield>
      <subfield code="i">Pseudonym</subfield>
      <subfield code="e">Pseudonym</subfield>
    </datafield>
    <datafield tag="400" ind1="1" ind2=" ">
      <subfield code="a">Cambrai, François de Salignac de La Mothe Fénelon</subfield>
      <subfield code="d">1651-1715</subfield>
    </datafield>
    <datafield tag="400" ind1="0" ind2=" ">
      <subfield code="a">Cambrai &#152;de&#156;</subfield>
      <subfield code="d">1651-1715</subfield>
    </datafield>
    <datafield tag="400" ind1="0" ind2=" ">
      <subfield code="a">Cambray &#152;de&#156;</subfield>
      <subfield code="d">1651-1715</subfield>
    </datafield>
    <datafield tag="400" ind1="0" ind2=" ">
      <subfield code="a">Cambray</subfield>
      <subfield code="d">1651-1715</subfield>
    </datafield>
    <datafield tag="400" ind1="0" ind2=" ">
      <subfield code="a">Cameryk &#152;van&#156;</subfield>
      <subfield code="d">1651-1715</subfield>
    </datafield>
    <datafield tag="400" ind1="1" ind2=" ">
      <subfield code="a">LaMothe Fénelon, François de Salignac &#152;de&#156;</subfield>
      <subfield code="d">1651-1715</subfield>
      <subfield code="9">v:RAK alt</subfield>
    </datafield>
    <datafield tag="400" ind1="1" ind2=" ">
      <subfield code="a">LaMothe-Fénelon, François de Salignac &#152;de&#156;</subfield>
      <subfield code="d">1651-1715</subfield>
      <subfield code="9">v:RAK alt</subfield>
    </datafield>
    <datafield tag="400" ind1="1" ind2=" ">
      <subfield code="a">LaMothe, Fénelon François de Salignac &#152;de&#156;</subfield>
      <subfield code="d">1651-1715</subfield>
    </datafield>
    <datafield tag="400" ind1="1" ind2=" ">
      <subfield code="a">LaMothe-Fénelon, François de S. &#152;de&#156;</subfield>
      <subfield code="d">1651-1715</subfield>
      <subfield code="9">v:RAK alt</subfield>
    </datafield>
    <datafield tag="400" ind1="1" ind2=" ">
      <subfield code="a">LaMothe Fénelon. Fr. Salignac &#152;de&#156;</subfield>
      <subfield code="d">1651-1715</subfield>
      <subfield code="9">v:RAK alt</subfield>
    </datafield>
    <datafield tag="400" ind1="1" ind2=" ">
      <subfield code="a">La Motte Fénelon, Franz von Salignac &#152;de&#156;</subfield>
      <subfield code="d">1651-1715</subfield>
      <subfield code="9">v:RAK alt</subfield>
    </datafield>
    <datafield tag="400" ind1="1" ind2=" ">
      <subfield code="a">LaMotte Fénelon, François de Pons de Salignac &#152;de&#156;</subfield>
      <subfield code="d">1651-1715</subfield>
      <subfield code="9">v:RAK alt</subfield>
    </datafield>
    <datafield tag="400" ind1="1" ind2=" ">
      <subfield code="a">LaMotte Fénelon, François de Salignac &#152;de&#156;</subfield>
      <subfield code="d">1651-1715</subfield>
    </datafield>
    <datafield tag="400" ind1="1" ind2=" ">
      <subfield code="a">LaMotte Fénelon, François de P.</subfield>
      <subfield code="d">1651-1715</subfield>
      <subfield code="9">v:RAK alt</subfield>
    </datafield>
    <datafield tag="400" ind1="1" ind2=" ">
      <subfield code="a">LaMotte, François F. &#152;de&#156;</subfield>
      <subfield code="d">1651-1715</subfield>
      <subfield code="9">v:RAK alt</subfield>
    </datafield>
    <datafield tag="400" ind1="1" ind2=" ">
      <subfield code="a">Fenelon, Francesco di Salignac DellaMotte</subfield>
      <subfield code="d">1651-1715</subfield>
      <subfield code="9">v:RAK alt</subfield>
    </datafield>
    <datafield tag="400" ind1="1" ind2=" ">
      <subfield code="a">Fénélon, François de Salignac de LaMotte</subfield>
      <subfield code="d">1651-1715</subfield>
      <subfield code="9">v:RAK alt</subfield>
    </datafield>
    <datafield tag="400" ind1="1" ind2=" ">
      <subfield code="a">Fenelon, Francesco DiSalignac DellaMotte</subfield>
      <subfield code="d">1651-1715</subfield>
      <subfield code="9">v:RAK alt</subfield>
    </datafield>
    <datafield tag="400" ind1="1" ind2=" ">
      <subfield code="a">LaMotte, Franz &#152;de&#156;</subfield>
      <subfield code="d">1651-1715</subfield>
      <subfield code="9">v:RAK alt</subfield>
    </datafield>
    <datafield tag="400" ind1="1" ind2=" ">
      <subfield code="a">LaMothe, François Fénelon de Salignac &#152;de&#156;</subfield>
      <subfield code="d">1651-1715</subfield>
      <subfield code="9">v:RAK alt</subfield>
    </datafield>
    <datafield tag="400" ind1="1" ind2=" ">
      <subfield code="a">Salignac de LaMothe-Fénelon, François &#152;de&#156;</subfield>
      <subfield code="d">1651-1715</subfield>
      <subfield code="9">v:RAK alt</subfield>
    </datafield>
    <datafield tag="400" ind1="1" ind2=" ">
      <subfield code="a">Salignac de LaMothe Fénelon, François &#152;de&#156;</subfield>
      <subfield code="d">1651-1715</subfield>
      <subfield code="9">v:RAK alt</subfield>
    </datafield>
    <datafield tag="400" ind1="1" ind2=" ">
      <subfield code="a">Salignac de LaMothe-Fénelon, François</subfield>
      <subfield code="d">1651-1715</subfield>
      <subfield code="9">v:RAK alt</subfield>
    </datafield>
    <datafield tag="400" ind1="1" ind2=" ">
      <subfield code="a">Salignac de LaMotte, François Fénelon &#152;de&#156;</subfield>
      <subfield code="d">1651-1715</subfield>
      <subfield code="9">v:RAK alt</subfield>
    </datafield>
    <datafield tag="400" ind1="1" ind2=" ">
      <subfield code="a">Salignac de LaMotte-Fénelon, François &#152;de&#156;</subfield>
      <subfield code="d">1651-1715</subfield>
      <subfield code="9">v:RAK alt</subfield>
    </datafield>
    <datafield tag="400" ind1="1" ind2=" ">
      <subfield code="a">Salignac de LaMotte Fénelon, François &#152;de&#156;</subfield>
      <subfield code="d">1651-1715</subfield>
      <subfield code="9">v:RAK alt</subfield>
    </datafield>
    <datafield tag="400" ind1="1" ind2=" ">
      <subfield code="a">Salignac de LaMotte Fénelon, François de Pons &#152;de&#156;</subfield>
      <subfield code="d">1651-1715</subfield>
      <subfield code="9">v:RAK alt</subfield>
    </datafield>
    <datafield tag="400" ind1="1" ind2=" ">
      <subfield code="a">Salignac de LaMotte Fénelon, François de P. &#152;de&#156;</subfield>
      <subfield code="d">1651-1715</subfield>
      <subfield code="9">v:RAK alt</subfield>
    </datafield>
    <datafield tag="400" ind1="1" ind2=" ">
      <subfield code="a">Salignac DellaMotte Fenelon, Francesco &#152;di&#156;</subfield>
      <subfield code="d">1651-1715</subfield>
      <subfield code="9">v:RAK alt</subfield>
    </datafield>
    <datafield tag="400" ind1="1" ind2=" ">
      <subfield code="a">Salignac de LaMothe, François de Fénelon</subfield>
      <subfield code="d">1651-1715</subfield>
      <subfield code="9">v:RAK alt</subfield>
    </datafield>
    <datafield tag="400" ind1="1" ind2=" ">
      <subfield code="a">Salignac de LaMothe, François &#152;de&#156;</subfield>
      <subfield code="d">1651-1715</subfield>
      <subfield code="9">v:RAK alt</subfield>
    </datafield>
    <datafield tag="400" ind1="1" ind2=" ">
      <subfield code="a">DiSalignac DellaMotte Fenelon, Francesco</subfield>
      <subfield code="d">1651-1715</subfield>
      <subfield code="9">v:RAK alt</subfield>
    </datafield>
    <datafield tag="400" ind1="1" ind2=" ">
      <subfield code="a">Pons de Salignac de LaMotte Fénelon, François &#152;de&#156;</subfield>
      <subfield code="d">1651-1715</subfield>
      <subfield code="9">v:RAK alt</subfield>
    </datafield>
    <datafield tag="500" ind1="1" ind2=" ">
      <subfield code="0">(DE-101)121136922</subfield>
      <subfield code="0">(DE-588)121136922</subfield>
      <subfield code="0">https://d-nb.info/gnd/121136922</subfield>
      <subfield code="a">Fénelon, François Louis de Salignac de LaMothe</subfield>
      <subfield code="d">1722-1764</subfield>
      <subfield code="4">bezf</subfield>
      <subfield code="4">https://d-nb.info/standards/elementset/gnd#familialRelationship</subfield>
      <subfield code="w">r</subfield>
      <subfield code="i">Beziehung familiaer</subfield>
      <subfield code="e">Beziehung familiaer</subfield>
      <subfield code="9">v:Großneffe</subfield>
    </datafield>
    <datafield tag="548" ind1=" " ind2=" ">
      <subfield code="a">1651-1715</subfield>
      <subfield code="4">datl</subfield>
      <subfield code="4">https://d-nb.info/standards/elementset/gnd#dateOfBirthAndDeath</subfield>
      <subfield code="w">r</subfield>
      <subfield code="i">Lebensdaten</subfield>
    </datafield>
    <datafield tag="548" ind1=" " ind2=" ">
      <subfield code="a">06.08.1651-07.01.1715</subfield>
      <subfield code="4">datx</subfield>
      <subfield code="4">https://d-nb.info/standards/elementset/gnd#dateOfBirthAndDeath</subfield>
      <subfield code="w">r</subfield>
      <subfield code="i">Exakte Lebensdaten</subfield>
    </datafield>
    <datafield tag="550" ind1=" " ind2=" ">
      <subfield code="0">(DE-101)04030020X</subfield>
      <subfield code="0">(DE-588)4030020-1</subfield>
      <subfield code="0">https://d-nb.info/gnd/4030020-1</subfield>
      <subfield code="a">Katholischer Theologe</subfield>
      <subfield code="4">berc</subfield>
      <subfield code="4">https://d-nb.info/standards/elementset/gnd#professionOrOccupation</subfield>
      <subfield code="w">r</subfield>
      <subfield code="i">Charakteristischer Beruf</subfield>
    </datafield>
    <datafield tag="550" ind1=" " ind2=" ">
      <subfield code="0">(DE-101)040533093</subfield>
      <subfield code="0">(DE-588)4053309-8</subfield>
      <subfield code="0">https://d-nb.info/gnd/4053309-8</subfield>
      <subfield code="a">Schriftsteller</subfield>
      <subfield code="4">beru</subfield>
      <subfield code="4">https://d-nb.info/standards/elementset/gnd#professionOrOccupation</subfield>
      <subfield code="w">r</subfield>
      <subfield code="i">Beruf</subfield>
    </datafield>
    <datafield tag="550" ind1=" " ind2=" ">
      <subfield code="0">(DE-101)040154718</subfield>
      <subfield code="0">(DE-588)4015471-3</subfield>
      <subfield code="0">https://d-nb.info/gnd/4015471-3</subfield>
      <subfield code="a">Erzbischof</subfield>
      <subfield code="4">beru</subfield>
      <subfield code="4">https://d-nb.info/standards/elementset/gnd#professionOrOccupation</subfield>
      <subfield code="w">r</subfield>
      <subfield code="i">Beruf</subfield>
    </datafield>
    <datafield tag="551" ind1=" " ind2=" ">
      <subfield code="0">(DE-101)945554230</subfield>
      <subfield code="0">(DE-588)5150978-7</subfield>
      <subfield code="0">https://d-nb.info/gnd/5150978-7</subfield>
      <subfield code="a">Diocèse</subfield>
      <subfield code="g">Cambrai</subfield>
      <subfield code="4">ortw</subfield>
      <subfield code="4">https://d-nb.info/standards/elementset/gnd#placeOfActivity</subfield>
      <subfield code="w">r</subfield>
      <subfield code="i">Wirkungsort</subfield>
    </datafield>
    <datafield tag="667" ind1=" " ind2=" ">
      <subfield code="a">7</subfield>
    </datafield>
    <datafield tag="667" ind1=" " ind2=" ">
      <subfield code="a">12</subfield>
    </datafield>
    <datafield tag="667" ind1=" " ind2=" ">
      <subfield code="a">384</subfield>
    </datafield>
    <datafield tag="667" ind1=" " ind2=" ">
      <subfield code="a">VD-17</subfield>
    </datafield>
    <datafield tag="667" ind1=" " ind2=" ">
      <subfield code="a">3</subfield>
    </datafield>
    <datafield tag="667" ind1=" " ind2=" ">
      <subfield code="a">VD-18</subfield>
    </datafield>
    <datafield tag="667" ind1=" " ind2=" ">
      <subfield code="a">4ELRAKk</subfield>
    </datafield>
    <datafield tag="667" ind1=" " ind2=" ">
      <subfield code="a">Quelle: LCAuth (Info DNB: Weitere Angaben: Erzbischof (1695) von Cambrai)</subfield>
    </datafield>
    <datafield tag="670" ind1=" " ind2=" ">
      <subfield code="a">BN; Internat. biogr. Index</subfield>
    </datafield>
    <datafield tag="670" ind1=" " ind2=" ">
      <subfield code="a">LCAuth/BnF</subfield>
    </datafield>
    <datafield tag="670" ind1=" " ind2=" ">
      <subfield code="a">LCAuth</subfield>
    </datafield>
    <datafield tag="672" ind1=" " ind2="0">
      <subfield code="a">Le avventure di Telemaco figliuolo d'Ulisse</subfield>
      <subfield code="f">1766</subfield>
    </datafield>
    <datafield tag="672" ind1=" " ind2="0">
      <subfield code="a">Pochoždenie Telemaka, syna Ulissova</subfield>
      <subfield code="f">1747</subfield>
    </datafield>
    <datafield tag="672" ind1=" " ind2="0">
      <subfield code="a">Fables et contes composés pour l'education de feu Monseign. *</subfield>
    </datafield>
    <datafield tag="672" ind1=" " ind2="0">
      <subfield code="a">Les aventures de Télémaque fils d'Ulysse</subfield>
      <subfield code="f">1730</subfield>
    </datafield>
    <datafield tag="672" ind1=" " ind2="0">
      <subfield code="a">Abrégé des vies des anciens philosophes</subfield>
      <subfield code="f">1727</subfield>
    </datafield>
    <datafield tag="672" ind1=" " ind2="0">
      <subfield code="a">Les aventures de Télémaque ...</subfield>
      <subfield code="f">1823</subfield>
    </datafield>
    <datafield tag="672" ind1=" " ind2="0">
      <subfield code="a">Die Begebenheiten des Prinzen von Ithaca, oder: der seinen *</subfield>
    </datafield>
    <datafield tag="672" ind1=" " ind2="0">
      <subfield code="a">Die seltsame[n] Begebenheiten des Telemach</subfield>
      <subfield code="f">1741</subfield>
    </datafield>
    <datafield tag="672" ind1=" " ind2="0">
      <subfield code="a">Telemach</subfield>
      <subfield code="f">1857</subfield>
    </datafield>
    <datafield tag="672" ind1=" " ind2="0">
      <subfield code="a">Placita sanctorum explicata</subfield>
      <subfield code="f">1699</subfield>
    </datafield>
    <datafield tag="672" ind1=" " ind2="0">
      <subfield code="a">L'examen de conscience d'un roi</subfield>
      <subfield code="f">1734</subfield>
    </datafield>
    <datafield tag="678" ind1=" " ind2=" ">
      <subfield code="b">Französischer Schriftsteller und Theologe; Prinzenerzieher, Verfasser pädagogischer Schriften; Erzbischof von Cambrai</subfield>
    </datafield>
    <datafield tag="700" ind1="1" ind2="7">
      <subfield code="a">Fénelon, François de Salignac de La Mothe-</subfield>
      <subfield code="d">1651-1715</subfield>
      <subfield code="0">(DLC)n 78095815</subfield>
      <subfield code="2">naf</subfield>
      <subfield code="9">v:1651-1715</subfield>
    </datafield>
    <datafield tag="913" ind1=" " ind2=" ">
      <subfield code="S">pnd</subfield>
      <subfield code="i">a</subfield>
      <subfield code="a">Fénelon, François de Salignac de La Mothe</subfield>
      <subfield code="0">(DE-588a)118532464</subfield>
    </datafield>
    <datafield tag="913" ind1=" " ind2=" ">
      <subfield code="S">pnd</subfield>
      <subfield code="i">a</subfield>
      <subfield code="a">Fénelon, François de Salignac de LaMothe</subfield>
      <subfield code="0">(DE-588a)174114060</subfield>
    </datafield>
    <datafield tag="913" ind1=" " ind2=" ">
      <subfield code="S">pnd</subfield>
      <subfield code="i">a</subfield>
      <subfield code="a">Fénelon, François /de</subfield>
      <subfield code="0">(DE-588a)189565454</subfield>
    </datafield>
  </record>
